@ARTICLE{ARTICLE:1,
    AUTHOR="John Doe",
    TITLE="Title",
    JOURNAL="Journal",
    YEAR="2017",
}

@BOOK{BOOK:1,
    AUTHOR="John Doe",
    TITLE="The Book without Title",
    PUBLISHER="Dummy Publisher",
    YEAR="2100",
}

@INBOOK{BOOK:2,
    AUTHOR="John Doe",
    TITLE="The Book without Title",
    PUBLISHER="Dummy Publisher",
    YEAR="2100",
    PAGES="100-200",
}

@MISC{WEBSITE:1,
	HOWPUBLISHED = "\url{http://example.com}",
	AUTHOR = "Intel",
	TITLE = "Example Website",
	MONTH = "12",
	YEAR = "1988",
	URLDATE = {2012-11-26}
}

@MANUAL{dallas:ds18b20,
    organization  = "Dallas Semiconductor",
    title         = "DS18B20 Programmable Resolution 1-Wire Digital Thermometer",
    number        = "050400",
    year          =  2015,
    note          = "Rev. 3"
}

@book{teton2003,
	title={Gu{\'\i}a t{\'e}cnica de la acuariofilia},
	author={Teton, J.},
	isbn={9788489840249},
	series={Gu{\'\i}as t{\'e}cnicas},
	url={https://books.google.com.ar/books?id=6vrjovWkQicC},
	year={2003},
	publisher={Tursen S.A. - H. Blume}
}

@book{IEEE:citation,
	author={IEEE},
	title={IEEE Citation Reference},
	edition={1},
	url={http://www.ieee.org/documents/ieeecitationref.pdf},
	urldate={2016-9-26},
	publisher={IEEE Publications},
	year={2016}
}

@misc{CIAA,
	author = {{Proyecto CIAA}},
	title = {Computadora Industrial Abierta Argentina},
	url = {http://proyecto-ciaa.com.ar/devwiki/doku.php?id=start},
	note = {Visitado el 2016-06-25},
	year = {2014}
}

@MISC{lpcopen,
   author =	{{NXP Semiconductors}},
   title =	{LPCOPEN v2.16 Drivers, Middleware and Examples},
   url =	{http://www.nxp.com/products/microcontrollers-and-processors/arm-processors/lpc-cortex-m-mcus/software-tools/lpcopen-libraries-and-examples:LPC-OPEN-LIBRARIES},
   note =	{Disponible: 2016-06-25},
 }
 
@MISC{contrib,
	author =	{{Savannah}},
	title =	{lwIP - A Lightweight TCP/IP stack},
	url =	{http://git.savannah.gnu.org/cgit/lwip/lwip-contrib.git},
	note =	{Disponible: 2016-06-25},
 }

@MISC{webserver,
	author =	{{Savannah}},
	title =	{lwIP - Wiki - Sample Web Server},
	url =	{ http://lwip.wikia.com/wiki/Sample_Web_Server},
	note =	{Disponible: 2016-06-25}
 } 
 


@MISC{sensor_pH,
   author =	{dfRobot},
   title =	{PH meter(SKU: SEN0161)},
   url =	{http://www.dfrobot.com/wiki/index.php?title=PH_meter(SKU:_SEN0161)},
   note =	{Disponible: 2016-06-25},
}

@misc{rfc2616,
	series =	{Request for Comments},
	number=		2616,
	howpublished=	{RFC 2616},
	publisher =	{RFC Editor},
	doi =		{10.17487/rfc2616},
	url =		{https://rfc-editor.org/rfc/rfc2616.txt},
	author=		{Jeffrey Mogul and Larry M Masinter and Roy T. Fielding and Jim Gettys and Paul J. Leach and Tim Berners-Lee},
	title=		{{Hypertext Transfer Protocol -- HTTP/1.1}},
	pagetotal =	176,
	year =		2013,
	month =		3,
	day =		2,
	abstract =	{HTTP has been in use by the World-Wide Web global information initiative since 1990. This specification defines the protocol referred to as &quot;HTTP/1.1&quot;, and is an update to RFC 2068. [STANDARDS-TRACK]},
}

@misc{rfc3875,
	series =	{Request for Comments},
	number=		3875,
	howpublished=	{RFC 3875},
	publisher =	{RFC Editor},
	doi =		{10.17487/rfc3875},
	url =		{https://rfc-editor.org/rfc/rfc3875.txt},
	author=		{David Robinson},
	title=		{{The Common Gateway Interface (CGI) Version 1.1}},
	pagetotal =	36,
	year =		2013,
	month =		mar,
	day =		20,
	abstract =	{The Common Gateway Interface (CGI) is a simple interface for running external programs, software or gateways under an information server in a platform-independent manner. Currently, the supported information servers are HTTP servers.},
}

@misc{rfc7540,
	series =	{Request for Comments},
	number=		7540,
	howpublished=	{RFC 7540},
	publisher =	{RFC Editor},
	doi =		{10.17487/rfc7540},
	url =		{https://rfc-editor.org/rfc/rfc7540.txt},
	author=		{Mike Belshe and Roberto Peon and Martin Thomson},
	title=		{{Hypertext Transfer Protocol Version 2 (HTTP/2)}},
	pagetotal =	96,
	year =		2015,
	month =		nov,
	day =		18,
	abstract =	{This specification describes an optimized expression of the semantics of the Hypertext Transfer Protocol (HTTP), referred to as HTTP version 2 (HTTP/2). HTTP/2 enables a more efficient use of network resources and a reduced perception of latency by introducing header field compression and allowing multiple concurrent exchanges on the same connection. It also introduces unsolicited push of representations from servers to clients.},
}

@INBOOK{Agriculture4.0,
    AUTHOR="Sara Oleiro Araujo y col",
    TITLE="Characterising the Agriculture 4.0",
    PUBLISHER="Agronomy 11.4",
    YEAR="2021",
    PAGES="667",
}

@INBOOK{WirelessComunications,
    AUTHOR="Marco Centenaro y col",
    TITLE="Long-range communications in unlicensed
	bands: The rising stars in the IoT and smart city scenarios",
    PUBLISHER="IEEE Wireless Communications 23.5",
    YEAR="2016",
    PAGES="60-67",
}

@MISC{ModuloAgriculture,
   author =	{{Libelium}},
   title =	{Smart Agriculture PRO,TECHNICAL GUIDE},
   url =	{https://development.libelium.com/agriculture-sensor-guide/},
   note =	{Visitado: 2023-05-27},
 }

@MISC{ModuloAgricultureDos,
   author =	{{WiseConn}},
   title =	{Nodo RF-M1},
   url =	{https://www.wiseconn.cl/dropcontrol/hardware/rf-m1/},
   note =	{Visitado: 2023-05-27},
 }

@MISC{InternetDeLasCosas,
   author =	{{Ferrovial}},
   title =	{Internet de las cosas(IoT)},
   url =	{https://www.ferrovial.com/es/recursos/internet-de-las-cosas/},
   note =	{Visitado: 2023-05-27},
 }
@MISC{NUCLEOL432KC,
 author =	{{STMicroelectronics}},
 title =	{Especificacion de Producto,STM32 Nucleo-32 boards},
 url =	{https://www.st.com/resource/en/data_brief/nucleo-l432kc.pdf},
 note =	{Ultima actualizacion 2019-06-05 V8.0},
}

@MISC{MonuloLTE-IOT,
 author =	{{MikroElectronic}},
 title =	{Especificacion de Producto,LTE IOT 2 CLICK},
 url =	{https://www.mikroe.com/lte-iot-2-click},
 note =	{Visitado: 2023-05-27},
}

@MISC{ModuloAHT10,
 author =	{{SSDIELECT ELECTRONICA SAS}},
 title =	{Especificacion de Producto,AHT10 SENSOR DE TEMPERATURA Y HUMEDAD I2C},
 url =	{https://ssdielect.com/temperatura/3885-aht10.html},
 note =	{Visitado: 2023-05-27},
}

@MISC{ModuloML8511,
 author =	{{naylampmechatronics}},
 title =	{Especificacion de Producto,MÓDULO SENSOR DE LUZ ULTRAVIOLETA (UV) ML8511},
 url =	{https://ssdielect.com/temperatura/3885-aht10.html},
 note =	{Visitado: 2023-05-27},
}

@MISC{ModuloHL-69,
 author =	{{PANAMAHITEK}},
 title =	{Especificacion de Producto,Módulo HL-69: Un sensor de humedad de suelo},
 url =	{https://panamahitek.com/modulo-hl-69-un-sensor-de-humedad-de-suelo/},
 note =	{Visitado: 2023-05-27},
}

@MISC{STM32CUBEIDE,
 author =	{{STMicroelectronics}},
 title =	{Descripción del producto,Integrated Development Environment for STM32},
 url =	{https://www.st.com/en/development-tools/stm32cubeide.html},
 note =	{Visitado: 2023-05-27},
}

@MISC{FreeRTOS,
 author =	{{FreeRTOS}},
 title =	{Acerca del Sistema Operativo,Descripción General},
 url =	{https://www.freertos.org/RTOS.html},
 note =	{Visitado: 2023-05-27},
}

@MISC{CEEDLING,
 author =	{{CEEDLING}},
 title =	{Descripción del producto,Descripción General},
 url =	{http://www.throwtheswitch.org/ceedling},
 note =	{Visitado: 2023-05-27},
}
@MISC{UART,
 author =	{{rohde-schwarz}},
 title =	{Descripción del protocolo,Qué es UART},
 url =	{https://www.rohde-schwarz.com/es/productos/test-y-medida/essentials-test-equipment/digital-oscilloscopes/que-es-uart_254524.html},
 note =	{Visitado: 2023-05-27},
}

@MISC{I2C,
 author =	{{sparkfun}},
 title =	{Definicion del Protocolo},
 url =	{hhttps://learn.sparkfun.com/tutorials/i2c/all},
 note =	{Visitado: 2023-05-27},
}

@MISC{MQTT,
 author =	{{MQTT}},
 title =	{Descripción del protocolo,Introduccion a MQTT},
 url =	{https://mqtt.org/},
 note =	{Visitado: 2023-05-27},
}
@MISC{InterfazIoTUbidots,
 author =	{{connectamericas}},
 title =	{Descripción de la empresa,Definición de UBIDOTS},
 url =	{https://connectamericas.com/es/company/ubidots},
 note =	{Visitado: 2023-05-27},
}

@MISC{THINGSBOARD,
 author =	{{ThingsBoard}},
 title =	{Descripción de la plataforma IoT,Definición de ThingsBoard},
 url =	{https://thingsboard.io/},
 note =	{Visitado: 2023-05-27},
}

@MISC{METODOLOGIA_TDD,
 author =	{{BrowserStack}},
 title =	{Definición de la metodología de desarrollo TDD},
 url =	{https://www.browserstack.com/guide/what-is-test-driven-development},
 note =	{Visitado: 2023-11-10},
}

